@misc{wiki:brechungsindex,
   author = "Wikipedia",
   title = "Brechungsindex der {L}uft und anderer {S}toffe",
   year = "2014",
   url = "http://de.wikipedia.org/wiki/Brechungsindex#Brechungsindex_der_Luft_und_anderer_Stoffe",
   note = "[Zugriff am 27. Mai 2014]"
 }