@misc{wiki:zustandsGroesse,
   author = "Wikipedia",
   title = "Zustandsgröße",
   year = "2014",
   url = "http://de.wikipedia.org/wiki/Zustandsgr%C3%B6%C3%9Fe",
   note = "[Zugriff am 05. Mai 2014]"
 }
 
 @misc{wiki:thermodynamik,
   author = "Wikipedia",
   title = "Thermodynamik",
   year = "2014",
   url = "http://de.wikipedia.org/wiki/Thermodynamik",
   note = "[Zugriff am 06. Mai 2014]"
 }
 
 @misc{wiki:idealesGas,
   author = "Wikipedia",
   title = "Ideales {G}as",
   year = "2014",
   url = "http://de.wikipedia.org/wiki/Ideales_Gas",
   note = "[Zugriff am 05. Mai 2014]"
 }
 
 @misc{wiki:realesGas,
   author = "Wikipedia",
   title = "Reales {G}as",
   year = "2014",
   url = "http://de.wikipedia.org/wiki/Reales_Gas",
   note = "[Zugriff am 05. Mai 2014]"
 }
 
  @misc{wiki:vanDerValsGleichung,
   author = "Wikipedia",
   title = "Van-der-{W}aals-{G}leichung",
   year = "2014",
   url = "http://de.wikipedia.org/wiki/Van-der-Waals-Gleichung",
   note = "[Zugriff am 06. Mai 2014]"
 }
 
 @booklet{vorbereitungshilfe,
   key = "vorbereitungshilfe",
   title = "Vorbereitungshilfe zum {V}ersuch {P}2-48: ideales und reales {G}as"
 }
 
 @booklet{vorbereitung1,
   key = "vorbereitung1",
   author="Anne Schütz und Florian Wankmüller",
   title = "Vorbereitung zum {V}ersuch {P}2-48: ideales und reales {G}as"
 }
 
 @BOOK{walcher,
  AUTHOR       = "Walcher, W.",
  TITLE        = "{P}raktikum der {P}hysik",
  PUBLISHER    = "Vieweg+Teubner Verlag",
  YEAR         = "2006"
}