@misc{wiki:interferenz,
   author = "Wikipedia",
   title = "Interferenz ({P}hysik)",
   year = "2014",
   url = "http://de.wikipedia.org/wiki/Interferenz_(Physik)",
   note = "[Zugriff am 08. Mai 2014]"
 }
 
@misc{wiki:beugung,
   author = "Wikipedia",
   title = "Beugung ({P}hysik)",
   year = "2014",
   url = "http://de.wikipedia.org/wiki/Beugung_(Physik)",
   note = "[Zugriff am 08. Mai 2014]"
 }
 
@misc{wiki:laser,
   author = "Wikipedia",
   title = "Laser",
   year = "2014",
   url = "http://de.wikipedia.org/wiki/Laser",
   note = "[Zugriff am 08. Mai 2014]"
 }
 
@misc{wiki:koheraenzlaenge,
   author = "Wikipedia",
   title = "Kohärenzlänge",
   year = "2014",
   url = "http://de.wikipedia.org/wiki/Koh%C3%A4renzl%C3%A4nge",
   note = "[Zugriff am 08. Mai 2014]"
 }
 
 @misc{wiki:michelson,
   author = "Wikipedia",
   title = "Michelson-{I}nterferometer",
   year = "2014",
   url = "http://de.wikipedia.org/wiki/Michelson-Interferometer",
   note = "[Zugriff am 08. Mai 2014]"
 }
 
 @misc{wiki:doppler,
   author = "Wikipedia",
   title = "Dopplerefekt",
   year = "2014",
   url = "http://de.wikipedia.org/wiki/Doppler-Effekt",
   note = "[Zugriff am 08. Mai 2014]"
 }