@booklet{auswertung1,
   key = "auswertung1",
   author="Daniela Feihl und Stefanie Herb",
   title = "Auswertung zum {V}ersuch {P}2-48: ideales und reales {G}as"
 }