@misc{wiki:licht,
   author = "Wikipedia",
   title = "Licht",
   year = "2014",
   url = "http://de.wikipedia.org/wiki/Licht",
   note = "[Zugriff am 15. Juni 2014]"
 }
 
 @misc{wiki:transversal,
   author = "Wikipedia",
   title = "Transversalwelle",
   year = "2014",
   url = "http://de.wikipedia.org/wiki/Transversalwelle",
   note = "[Zugriff am 15. Juni 2014]"
 }
 
 @misc{wiki:longitudinal,
   author = "Wikipedia",
   title = "Longitudinalwelle",
   year = "2014",
   url = "http://de.wikipedia.org/wiki/Longitudinalwelle",
   note = "[Zugriff am 15. Juni 2014]"
 }
 
 @misc{wiki:doppelbrechung,
   author = "Wikipedia",
   title = "Doppelbrechung",
   year = "2014",
   url = "http://de.wikipedia.org/wiki/Doppelbrechung",
   note = "[Zugriff am 15. Juni 2014]"
 }
 
 @misc{wiki:dichroismus,
   author = "Wikipedia",
   title = "Dichroismus",
   year = "2014",
   url = "http://de.wikipedia.org/wiki/Dichroismus",
   note = "[Zugriff am 16. Juni 2014]"
 }
 
 @misc{wiki:polarisator,
   author = "Wikipedia",
   title = "Polarisator",
   year = "2014",
   url = "http://de.wikipedia.org/wiki/Polarisator",
   note = "[Zugriff am 16. Juni 2014]"
 }
 
 @BOOK{pohl,
  AUTHOR       = "Pohl, Robert Wichard",
  TITLE        = "Optik und {A}tomphysik",
  PUBLISHER    = "Springer Berlin Heidelberg",
  YEAR         = "1976"
}

@booklet{vorbereitung1,
   key = "vorbereitung1",
   author="Barbara Trimborn und Lennart Piro",
   title = "Vorbereitung zum {V}ersuch {P}2-11: {P}olarisation und {D}oppelbrechung"
 }