@BOOK{eichler,
  AUTHOR       = "Eichler, Hans Joachim und Kronfeld, Heinz-Detlef und Sahm, Jürgen",
  TITLE        = "Das {N}eue {P}hysikalische {G}rundpraktikum",
  PUBLISHER    = "Springer Verlag",
  YEAR         = "2006"
}

 @misc{wiki:newtonRinge,
   author = "Wikipedia",
   title = "Netwonsche {R}inge",
   year = "2014",
   url = "http://de.wikipedia.org/wiki/Newtonsche_Ringe",
   note = "[Zugriff am 20. Mai 2014]"
 }

 @misc{wiki:euklid,
   author = "Wikipedia",
   title = "Höhensatz des {E}uklid",
   year = "2014",
   url = "http://de.wikipedia.org/wiki/H%C3%B6hensatz#H.C3.B6hensatz_des_Euklid",
   note = "[Zugriff am 20. Mai 2014]"
 }

 @misc{wiki:autokollimation,
   author = "Wikipedia",
   title = "Autokollimation",
   year = "2014",
   url = "http://de.wikipedia.org/wiki/Autokollimation",
   note = "[Zugriff am 20. Mai 2014]"
 }

 @misc{wiki:naeherungduennelinse,
   author = "Wikipedia",
   title = "Dünne Linse",
   year = "2014",
   url = "http://de.wikipedia.org/wiki/D%C3%BCnne_Linse#N.C3.A4herung_f.C3.BCr_d.C3.BCnne_Linse",
   note = "[Zugriff am 20. Mai 2014]"
 }