@misc{wiki:wheatstone,
   author = "Wikipedia",
   title = "Wheatstonesche {M}essbr{\"u}cke",
   year = "2014",
   url = "http://de.wikipedia.org/wiki/Wheatstonesche_Messbr%C3%BCcke",
   note = "[Zugriff am 7. Juli 2014]"
 }
 
 @misc{wiki:baender,
   author = "Wikipedia",
   title = "B{\"a}ndermodell",
   year = "2014",
   url = "http://de.wikipedia.org/wiki/B%C3%A4ndermodell",
   note = "[Zugriff am 7. Juli 2014]"
 }
 
 @misc{wiki:dotierung,
   author = "Wikipedia",
   title = "Dotierung",
   year = "2014",
   url = "http://de.wikipedia.org/wiki/Dotierung",
   note = "[Zugriff am 8. Juli 2014]"
 }
 
 @misc{wiki:pn,
   author = "Wikipedia",
   title = "p-n-{\"U}bergang",
   year = "2014",
   url = "http://de.wikipedia.org/wiki/P-n-%C3%9Cbergang",
   note = "[Zugriff am 8. Juli 2014]"
 }

@booklet{vorbereitungshilfe,
   key = "vorbereitungshilfe",
   title = "Vorbereitungshilfe zum {V}ersuch {P}2-50: {E}igenschaften elektrischer {B}auelemente"
 }
 
 @misc{wiki:diode,
   author = "Wikipedia",
   title = "Diode",
   year = "2014",
   url = "http://de.wikipedia.org/wiki/Diode",
   note = "[Zugriff am 8. Juli 2014]"
 }