@booklet{vorbereitungshilfe,
   key = "vorbereitungshilfe",
   title = "Vorbereitungshilfe zum {V}ersuch {P}2-53: {F}ranck-{H}ertz-{V}ersuch"
 }