@misc{wiki:brewster,
   author = "Wikipedia",
   title = "Brewster-{W}inkel",
   year = "2014",
   url = "http://de.wikipedia.org/wiki/Brewster-Winkel",
   note = "[Zugriff am 01. Juli 2014]"
 }

@misc{wiki:beugung,
   author = "Wikipedia",
   title = "Beugung ({P}hysik)",
   year = "2014",
   url = "http://de.wikipedia.org/wiki/Beugung_(Physik)",
   note = "[Zugriff am 01. Juli 2014]"
 }

@misc{wiki:doppelspalt,
   author = "Wikipedia",
   title = "Doppelspaltexperiment",
   year = "2014",
   url = "http://de.wikipedia.org/wiki/Doppelspalt",
   note = "[Zugriff am 01. Juli 2014]"
 }